@Book{preuss2009funktionaltransformationen,
 author = {Preuss, Wolfgang},
 title = {Funktionaltransformationen: Fourier-, Laplace- und Z-Transformation},
 publisher = {Fachbuchverl. Leipzig im Carl-Hanser-Verlag},
 year = {2009},
 address = {MuÌˆnchen},
 isbn = {9783446417878}
}
